@String{pami = {{IEEE} {T}ransactions on Pattern Analysis and Machine Intelligence}}
@String{itip = {{IEEE} {T}ransactions on Image Processing}}
@String{ijcv = {International Journal of Computer Vision}}
@String{prl = {Pattern Recognition Letters}}
@String{lti = {{L}ehrstuhl für {T}echnische {I}nformatik, RWTH-Aachen University}}

@String{today = {2023-06-02}}

%%

@ARTICLE{Greengrass2009,
  author={Greengrass, Jason and Evans, John and Begen, Ali C.},
  journal={IEEE Internet Computing}, 
  title={Not All Packets Are Equal, Part 2: The Impact of Network Packet Loss on Video Quality}, 
  year={2009},
  volume={13},
  number={2},
  pages={74-82},
  doi={10.1109/MIC.2009.40}
}

@INPROCEEDINGS{Vranjes2018,
  author={Vranjes, Mario and Herceg, Marijan and Vranjes, Denis and Vajak, Denis},
  booktitle={2018 Zooming Innovation in Consumer Technologies Conference (ZINC)}, 
  title={Video Transmission Artifacts Detection Using No-Reference Approach}, 
  year={2018},
  volume={},
  number={},
  pages={72-77},
  doi={10.1109/ZINC.2018.8448669}
}

@ARTICLE{Korhonen2018,
  author={Korhonen, Jari},
  journal={IEEE Transactions on Broadcasting}, 
  title={Study of the Subjective Visibility of Packet Loss Artifacts in Decoded Video Sequences}, 
  year={2018},
  volume={64},
  number={2},
  pages={354-366},
  doi={10.1109/TBC.2018.2832465}
}

@InProceedings{Sanyal2021,
author="Sanyal, Shreyan
and Palit, Sarbani",
editor="Mantoro, Teddy
and Lee, Minho
and Ayu, Media Anugerah
and Wong, Kok Wai
and Hidayanto, Achmad Nizar",
title="A No-Reference Perception Based Metric for Detection of Packet Loss Induced Artifacts in Videos",
booktitle="Neural Information Processing",
year="2021",
publisher="Springer International Publishing",
address="Cham",
pages="615--623",
abstract="Objective quality measures are usually concerned with overall degradation in quality, disregarding impairments and artifacts such as those due to packet loss error concealment. Unfortunately, it is particularly hard to model due to its unpredictable nature and content-dependency. We propose a human perception based no-reference framework utilizing motion-compensated frame interpolation and colour gradients to identify and localize packet loss impaired regions in video frames. The unique and principal contribution of this work is the attempt to mimic the human visual system throughout the process instead of the traditional approach of trying to replicate the mean opinion score.",
isbn="978-3-030-92310-5"
}

@ARTICLE{Goodall2019,
  author={Goodall, Todd R. and Bovik, Alan C.},
  journal={IEEE Transactions on Image Processing}, 
  title={Detecting and Mapping Video Impairments}, 
  year={2019},
  volume={28},
  number={6},
  pages={2680-2691},
  doi={10.1109/TIP.2018.2889276}
}

@INPROCEEDINGS{Li2022,
  author={Li, Zhen and Lu, Cheng-Ze and Qin, Jianhua and Guo, Chun-Le and Cheng, Ming-Ming},
  booktitle={2022 IEEE/CVF Conference on Computer Vision and Pattern Recognition (CVPR)}, 
  title={Towards An End-to-End Framework for Flow-Guided Video Inpainting}, 
  year={2022},
  volume={},
  number={},
  pages={17541-17550},
  doi={10.1109/CVPR52688.2022.01704}
}

@article{Zhou2021,
  title={Deep Video Inpainting Detection},
  author={Peng Zhou and Ning Yu and Zuxuan Wu and Larry S. Davis and Abhinav Shrivastava and Ser-Nam Lim},
  journal={ArXiv},
  year={2021},
  volume={abs/2101.11080}
}

@article{Liu2021,
  title={Decoupled Spatial-Temporal Transformer for Video Inpainting},
  author={R. Liu and Hanming Deng and Yangyi Huang and Xiaoyu Shi and Lewei Lu and Wenxiu Sun and Xiaogang Wang and Jifeng Dai and Hongsheng Li},
  journal={ArXiv},
  year={2021},
  volume={abs/2104.06637}
}

@article{Dong2023,
  title={Inpainting larger missing regions via progressive guidance decoding network},
  author={Xiucheng Dong and Jinyang Jiang and Shuang Hou and Chencheng Yang},
  journal={Complex \& Intelligent Systems},
  year={2023}
}

@Thesis{Brenes2022,
  author = {Brenes, G.},
  title = {Restauración de señales de video en línea en un sistema embebido},
  institution = {Escuela de Ingeniería Electrónica, Tecnológico de Costa Rica},
  month = august,
  year = 2022,
  type = {Tesis de Licenciatura}
}

@INPROCEEDINGS{Glavota2016,
  author={Glavota, Ivan and Vranješ, Mario and Herceg, Marijan and Grbić, Ratko},
  booktitle={2016 Zooming Innovation in Consumer Electronics International Conference (ZINC)}, 
  title={Pixel-based statistical analysis of packet loss artifact features}, 
  year={2016},
  volume={},
  number={},
  pages={16-19},
  doi={10.1109/ZINC.2016.7513644}
}

@article{Vranjes2019,
  title={No-reference artifacts measurements based video quality metric},
  author={Mario Vranješ and Viliams Bajčinovci and Ratko Grbić and Denis Vajak},
  journal={Signal Process. Image Commun.},
  year={2019},
  volume={78},
  pages={345-358}
}

@article{Glavota2018,
  title={No-reference real-time video transmission artifact detection for video signals},
  author={Ivan Glavota and Zvonimir Kaprocki and Mario Vranješ and Marijan Herceg},
  journal={Journal of Real-Time Image Processing},
  year={2018},
  volume={17},
  pages={799-820}
}

@inproceedings{Rajasekar2020,
  title={Detecting Macroblocking in Images Caused by Transmission Error},
  author={Ganesh Rajasekar and Zhou Wang},
  booktitle={International Conference on Image Analysis and Recognition},
  year={2020}
}

@Online{ZoomSupport,
   author    = {{Zoom Video Communications}},
   title     = {Accessing meeting and phone statistics},
   year      = {2011},
   url       = {https://support.zoom.us/hc/en-us/articles/202920719-Accessing-meeting-and-phone-statistics},
   urldate   = today
}

@Online{ScikitLearn,
   author    = {{scikit-learn developers}},
   title     = {Precision-Recall},
   year      = {2007},
   url       = {https://scikit-learn.org/stable/auto_examples/model_selection/plot_precision_recall.html},
   urldate   = today
}

@inproceedings{Keskin2012,
  title={Hand Pose Estimation and Hand Shape Classification Using Multi-layered Randomized Decision Forests},
  author={Cem Keskin and Mustafa Furkan Kıraç and Yunus Emre Kara and Lale Akarun},
  booktitle={European Conference on Computer Vision},
  year={2012}
}

@electronic{ridgerun,
  author = {\text{RidgeRun Embedded Solutions}},
  title = {\text{``About RidgeRun''}},
  organization = {ridgerun.com},
  url = {https://www.ridgerun.com/about},
  note = {Accedido el 10 de Septiembre del 2022}
}

@electronic{disptec,
  author = {\text{Tecnológico de Costa Rica}},
  title = {\text{``Establecimiento de un marco de desarrollo para sistemas embebido en tiempo real de procesamiento de audio / video''}},
  organization = {tec.ac.cr},
  url = {https://www.tec.ac.cr/node/16087/proyectos/disp-tec},
  note = {Accedido el 10 de Septiembre del 2022}
}

@electronic{tx2,
  author = {\text{NVIDIA Corporation}},
  title = {\text{``Jetson TX2 Module''}},
  organization = {developer.nvidia.com},
  url = {https://developer.nvidia.com/embedded/jetson-tx2},
  note = {Accedido el 10 de Septiembre del 2022}
}

@electronic{I420,
  author = {\text{The kernel development community}},
 title = {\text{``2.10.16. V4L2\_PIX\_FMT\_YVU420 (`YV12'), V4L2\_PIX\_FMT\_YUV420 (`YU12')''}},
  organization = {kernel.org},
  url = {https://www.kernel.org/doc/html/v4.9/media/uapi/v4l/pixfmt-yuv420.html},
  note = {Accedido el 10 de Septiembre del 2022}
}

@electronic{h264,
  author = {\text{International Telecommunications Union}},
  title = {\text{H.264: Advanced video coding for generic audiovisual services}},
  organization = {itu.int},
  url = {https://www.itu.int/rec/T-REC-H.264},
  note = {Accedido el 14 de Noviembre del 2022}
}

%% Ejemplos de Pablo

@Book{Burrus1998,
  author =	 {C. S. Burrus and J. H. McClellan and A. V. Oppenheim and T. W. Parks and R. W. Schafer and H. W. Schuessler},
  title = 	 {Ejercicios de Tratamiento de la Señal.  Un enfoque práctico},
  publisher = 	 {Prentice Hall},
  year = 	 1998
}

@Book{Davis1963,
  author =       {Davis, H. F.},
  title =        {Fourier series and orthogonal functions},
  publisher =    {Dover Publications, Inc.},
  year =         {1963}
}

@Book{Haykin2001,
  author =       {Haykin, S. and van Veen, B.},
  title =        {Señales y sistemas},
  publisher =    {Limusa Wiley},
  year =         {2001},
}

@Book{James2002,
  author =	 {James, G.},
  title = 	 {Matemáticas Avanzadas para Ingeniería},
  publisher = 	 {Prentice Hall},
  year = 	 2002,
  edition =	 {2da}
}

@Book{Kreyszig2000a,
  author =	 {Kreyszig, E.},
  title = 	 {Matemáticas Avanzadas para Ingeniería},
  publisher = 	 {Limusa Wiley},
  year = 	 2000,
  volume =	 {I},
  edition =	 {3ra}
}

@Book{Kreyszig2000b,
  author =	 {Kreyszig, E.},
  title = 	 {Matemáticas Avanzadas para Ingeniería},
  publisher = 	 {Limusa Wiley},
  year = 	 2000,
  volume =	 {II},
  edition =	 {3ra}
}

@Book{Lindner2002,
  author =       {Lindner, D.},
  title =        {Introducción a las señales y los sistemas},
  publisher =    {McGraw Hill},
  year =         2002
}

@Online{AlvaradoWeb,
  author=        {Alvarado, Pablo},
  title=         {Proyecto de graduación},
  month=         sep,
  year=          {2021},
  url=           {http://www.ie.tec.ac.cr/palvarado/PG},
  urldate=       {2021-11-09}
}

@Online{MatLab,
   author    = {MathWorks},
   title     = {MatLab},
   year      = {1994},
   url =       {http://www.matlab.com},
   urldate   = today
}

@Online{Octave,
   author    = {John W. Eaton and David Bateman and S{\o}ren Hauberg and Rik Wehbring},
   title     = {Octave},
   institution = {University of Wisconsin},
   year      = {1998},
   url       = {http://www.octave.org},
   urldate   = today
}

@Online{OctaveRep,
   author    = {{The Octave Project Developers}},
   title     = {Octave Repository},
   year      = {1996},
   url       = {https://github.com/gnu-octave/octave},
   urldate   = today
}

@Book{Oppenheim1998,
  author = 	 {A. Oppenheim and A. Willsky and S. H. Nawab},
  title = 	 {Señales y Sistemas},
  publisher = 	 {Prentice Hall},
  year = 	 1998,
  edition =	 {2da}
}

@Book{ProakisManolakis1998,
  author =	 {Proakis, J. G.  and Manolakis, D. G.},
  title = 	 {Tratamiento Digital de Señales},
  publisher = 	 {Prentice Hall},
  year = 	 {1998},
}

@Book{Roberts2005,
  author =       {M. J. Roberts},
  title =        {Señales y Sistemas.  Análisis mediante métodos de 
                  transformada y {MatLab}},
  publisher =    {McGraw Hill},
  year =         {2005}
}

@Book{Shilov1973,
  author =       {G. E. Shilov},
  title =        {Elementary Real and Complex Analysis},
  publisher =    {Dover Publications, Inc.},
  year =         {1973}
}

@Book{Soria2003,
  author =	 {Soria Olivas, E. and Martínez Sober, M. and 
                  Francés Villora, J. V.  and Camps Valls, G. },
  title = 	 {Tratamiento Digital de Señales.  Problemas y ejercicios resueltos},
  publisher = 	 {Prentice Hall},
  year = 	 {2003},
  address =	 {Madrid}
}

@Book{Stremler1993,
  author =       {Stremler, F. G. },
  title =        {Introducción a los sistemas de comunicación},
  publisher =    {Addison Wesley Longman},
  year =         {1993}
}

@Thesis{Fulano21,
  author = {Fulano Rodríguez, Juan},
  title = {Energía infinita con un diodo},
  institution = {Escuela de Ingeniería Electrónica, Tecnológico de Costa Rica},
  month = jun,
  year = 2021,
  type = {Tesis de Licenciatura}
}
